@article{citeulike:1472197,
    author = {Genkin and Alexander and Lewis and David, D. and Madigan and David},
    citeulike-article-id = {1472197},
    citeulike-linkout-0 = {http://dx.doi.org/10.1198/004017007000000245},
    citeulike-linkout-1 = {http://www.ingentaconnect.com/content/asa/tech/2007/00000049/00000003/art00007},
    doi = {10.1198/004017007000000245},
    issn = {0040-1706},
    journal = {Technometrics},
    keywords = {bayesian, classification, lasso, logistic-regression},
    month = aug,
    number = {3},
    pages = {291--304},
    posted-at = {2008-05-08 02:21:00},
    priority = {2},
    publisher = {American Statistical Association},
    title = {{Large-Scale Bayesian Logistic Regression for Text Categorization}},
    url = {http://dx.doi.org/10.1198/004017007000000245},
    volume = {49},
    year = {2007}
}

@inproceedings{joachims98a,
  added-at = {2009-03-26T15:08:24.000+0100},
  address = {Heidelberg et al.},
  author = {Joachims, Thorsten},
  biburl = {http://www.bibsonomy.org/bibtex/29ceef0b8176186894d5fb28ac0282059/hkorte},
  booktitle = {Proceedings of {ECML}-98, 10th European Conference on Machine Learning},
  editor = {Nedellec, Claire and Rouveirol, CÃ©line},
  interhash = {997f731cfc4fdb02cb32eb88c4fab2e9},
  intrahash = {9ceef0b8176186894d5fb28ac0282059},
  keywords = {machine_learning svm text_mining},
  pages = {137--142},
  publisher = {Springer},
  timestamp = {2009-03-26T15:08:24.000+0100},
  title = {Text categorization with support vector machines: learning with many relevant features},
  url = {http://www.cs.cornell.edu/People/tj/publications/joachims_98a.pdf},
  year = 1998
}



@misc{pygments,
  author={Georg Brandl, Armin Ronacher, Tim Hatch},
  title = {Python Syntax Highlighter},
  howpublished = {\url{http://pygments.org/docs/lexers/}},
  note = {Accessed: 2014-10-11}
}

@misc{nltk,
  title = {Natural Language Toolkit: Snowball Stemmer},
  howpublished = {\url{http://www.nltk.org/_modules/nltk/stem/snowball.html}},
  note = {Accessed: 2014-10-11}
}

@misc{pineaul9,
  author={Joelle Pineau},
  title = { COMP 598 - Applied Machine Learning 
Lecture 9: Instance-based learning},
  howpublished = {\url{http://www.cs.mcgill.ca/~jpineau/comp598/Lectures/09InstanceLearning-publish.pdf}},
  note = {Accessed: 2014-10-11}
}

@misc{pineaul5,
  author={Joelle Pineau},
  title = { COMP 598 - Applied Machine Learning 
Lecture 5: Naive Bayes Classification},
  howpublished = {\url{http://www.cs.mcgill.ca/~jpineau/comp598/Lectures/05NaiveBayes-publish.pdf}},
  note = {Accessed: 2014-10-11}
}


